@incollection{logicsForEpistemicPrograms,
  year={{2005}},
  booktitle={{Information, Interaction and Agency}},
  title={{Logics for Epistemic Programs}},
  publisher={{Springer Netherlands}},
  author={{Baltag, Alexandru and Moss, LawrenceS.}},
  pages={1-60}
}

@book{van2008dynamic,
  title={{Dynamic Epistemic Logic}},
  author={{Van der Hoek, W. and Kooi, B.P.}},
  series={{Synthese Library}},
  year={{2008}},
  publisher={{Springer London, Limited}}
}

@inproceedings{Sietsma:2011:MPD:2000378.2000404,
  author = {{Sietsma, Floor and van Eijck, Jan}},
  title = {{Message passing in a dynamic epistemic logic setting}},
  booktitle = {{Proceedings of the 13th Conference on Theoretical Aspects of Rationality and Knowledge}},
  series = {{TARK XIII}},
  year = {{2011}},
  location = {{Groningen, Netherlands}},
  pages = {{212--220}},
  numpages = {{9}},
  publisher = {{ACM}},
  address = {{New York, NY, USA}},
  keywords = {{communication, dynamic epistemic logic, message passing}},
} 

@TECHREPORT{Milner91thepolyadic,
  author = {{Robin Milner}},
  title = {{The Polyadic pi-Calculus: a Tutorial}},
  institution = {{Logic and Algebra of Specification}},
  year = {{1991}}
}
