@book{hoek2008dynamic,
  title={{Dynamic Epistemic Logic}},
  author={{Van der Hoek, W. and Kooi, B.P.}},
  isbn={9781402058394},
  lccn={2007465757},
  series={{Synthese Library}},
  url={http://books.google.com.au/books?id=dKRQPHvOIGQC},
  year={2008},
  publisher={{Springer London, Limited}}
}

@book{blackburn2002modal,
  title={{Modal Logic}},
  author={{Blackburn, P. and de Rijke, M. and Venema, Y.}},
  isbn={{9780521527149}},
  lccn={{00054667}},
  series={{Cambridge Tracts in Theoretical Computer Science}},
  url={{http://books.google.com.au/books?id=gFEidNVDWVoC}},
  year={{2002}},
  publisher={{Cambridge University Press}}
}

@article{plaza2007public,
  year={{2007}},
  issn={{0039-7857}},
  journal={{Synthese}},
  volume={{158}},
  number={{2}},
  doi={{10.1007/s11229-007-9168-7}},
  title={{Logics of public communications}},
  url={{http://dx.doi.org/10.1007/s11229-007-9168-7}},
  publisher={{Springer Netherlands}},
  keywords={{Logics of knowledge; Communications; Kripke models; Modal logic S5,
    (applicable in) distributed systems; (applicable in) expert systems}},
  author={{Plaza, Jan}},
  pages={{165-179}},
  language={{English}}
}

@article{gelbrandy1997reasoning,
  year={{1997}},
  issn={{0925-8531}},
  journal={{Journal of Logic, Language and Information}},
  volume={{6}},
  number={{2}},
  doi={{10.1023/A:1008222603071}},
  title={{Reasoning about Information Change}},
  url={{http://dx.doi.org/10.1023/A%3A1008222603071}},
  publisher={{Kluwer Academic Publishers}},
  keywords={{Dynamic logic; epistemic logic; information exchange;
      non-well-founded set theory}},
  author={{Gerbrandy, Jelle and Groeneveld, Willem}},
  pages={{147-169}},
  language={{English}}
}

@inproceedings{baltag1998lpa,
  author = {Baltag, Alexandru and Moss, Lawrence S. and Solecki, Slawomir},
  title = {The logic of public announcements, common knowledge, and private
    suspicions},
  booktitle = {Proceedings of the 7th conference on Theoretical aspects of
    rationality and knowledge},
  series = {TARK '98},
  year = {1998},
  isbn = {1-55860-563-0},
  location = {Evanston, Illinois},
  pages = {43--56},
  numpages = {14},
  url = {http://dl.acm.org/citation.cfm?id=645876.671885},
  acmid = {671885},
  publisher = {Morgan Kaufmann Publishers Inc.},
  address = {San Francisco, CA, USA},
} 

@INPROCEEDINGS{ditmarsch99knowledge,
  author = {{Hans Van Ditmarsch}},
  title = {{The Logic of Knowledge Games: Showing a Card}},
  booktitle = {{Proceedings of the BNAIC 99. Maastricht University}},
  year = {{1999}},
  pages = {{35--42}}
}

@article{ditmarsch2002dga,
  author = {{Van Ditmarsch, Hans P.}},
  title = {{Descriptions of Game Actions}},
  journal = {{J. of Logic, Lang. and Inf.}},
  issue_date = {{Summer 2002}},
  volume = {{11}},
  number = {{3}},
  month = jun,
  year = {{2002}},
  issn = {{0925-8531}},
  pages = {{349--365}},
  numpages = {{17}},
  url = {{http://dx.doi.org/10.1023/A:1015590229647}},
  doi = {{10.1023/A:1015590229647}},
  acmid = {{596053}},
  publisher = {{Kluwer Academic Publishers}},
  address = {{Hingham, MA, USA}},
  keywords = {{action language, dynamic epistemics, modal logic,
    multiagent systems}},
}

@incollection{baltag2005programs,
  year={2005},
  isbn={978-1-4020-3600-2},
  booktitle={Information, Interaction and Agency},
  doi={10.1007/1-4020-4094-6_1},
  title={Logics for Epistemic Programs},
  url={http://dx.doi.org/10.1007/1-4020-4094-6_1},
  publisher={Springer Netherlands},
  author={Baltag, Alexandru and Moss, Lawrence S.},
  pages={1-60}
}

@article{benthem2006lcc,
  title = {{Logics of communication and change }},
  journal = {{Information and Computation }},
  volume = {{204}},
  number = {{11}},
  pages = {{1620 - 1662}},
  year = {{2006}},
  issn = {{0890-5401}},
  doi = {{10.1016/j.ic.2006.04.006}},
  url = {{http://www.sciencedirect.com/science/article/pii/S0890540106000812}},
  author = {{Johan van Benthem and Jan van Eijck and Barteld Kooi}},
  keywords = {{Epistemic logic}},
  keywords = {{Update}},
  keywords = {{Dynamic logic}},
  keywords = {{Common knowledge}},
  keywords = {{Reduction axioms}},
  keywords = {{Product update}},
  keywords = {{Finite automata}},
  keywords = {{Kleeneâ€™s Theorem }}
}

@incollection{bollig07mps,
  year={{2007}},
  isbn={{978-3-540-77049-7}},
  booktitle={{FSTTCS 2007: Foundations of Software Technology and Theoretical
    Computer Science}},
  volume={{4855}},
  series={{Lecture Notes in Computer Science}},
  editor={{Arvind, V. and Prasad, Sanjiva}},
  doi={{10.1007/978-3-540-77050-3_25}},
  title={{Propositional Dynamic Logic for Message-Passing Systems}},
  url={{http://dx.doi.org/10.1007/978-3-540-77050-3_25}},
  publisher={{Springer Berlin Heidelberg}},
  author={{Bollig, Benedikt and Kuske, Dietrich and Meinecke, Ingmar}},
  pages={{303-315}}
}

@inproceedings{aucher09revisited,
  author    = {{Guillaume Aucher}},
  title     = {{BMS revisited}},
  booktitle = {{TARK}},
  year      = {{2009}},
  pages     = {{24-33}},
  ee        = {{http://doi.acm.org/10.1145/1562814.1562822}},
  crossref  = {{DBLP:conf/tark/2009}},
  bibsource = {{DBLP, http://dblp.uni-trier.de}}
}

@unpublished{hales13synthesis,
  author = {{James Hales}},
  title={{Arbitrary Action Model Logic and Action Model Synthesis}},
  year = {{2013}}
}
