@MISC{Bollig_propositionaldynamic,
  author = {Benedikt Bollig and Dietrich Kuske and Ingmar Meinecke},
  title = {Propositional Dynamic Logic for Message-Passing Systems},
  year = {}
}
