@article{
  year={{2004}},
  issn={{0039-7857}},
  journal={{Synthese}},
  volume={{139}},
  number={{2}},
  doi={{10.1023/B:SYNT.0000024912.56773.5e}},
  title={{Logics for Epistemic Programs}},
  url={{http://dx.doi.org/10.1023/B%3ASYNT.0000024912.56773.5e}},
  publisher={{Kluwer Academic Publishers}},
  author={{Baltag, Alexandru and Moss, Lawrence S.}},
  pages={{165-224}},
  language={{English}}
}
