@book{hoek2008dynamic,
  title={{Dynamic Epistemic Logic}},
  author={Wiebe van der Hoek and Barteld Kooi and Hans van Ditsmarsch},
  series={{Synthese Library}},
  year={2008},
  publisher={{Springer London, Limited}}
}

@book{blackburn2002modal,
  title={{Modal Logic}},
  author={Patrick Blackburn and Maarten de Rijke and Yde Venema},
  series={{Cambridge Tracts in Theoretical Computer Science}},
  year={{2002}},
  publisher={{Cambridge University Press}}
}

@article{plaza2007public,
  year={{2007}},
  journal={{Synthese}},
  volume={{158}},
  number={{2}},
  title={{Logics of public communications}},
  publisher={{Springer Netherlands}},
  keywords={{Logics of knowledge; Communications; Kripke models; Modal logic S5,
    (applicable in) distributed systems; (applicable in) expert systems}},
  author={Jan Plaza},
  pages={{165-179}},
  language={{English}}
}

@article{gelbrandy1997reasoning,
  year={{1997}},
  journal={{Journal of Logic, Language and Information}},
  volume={{6}},
  number={{2}},
  title={{Reasoning about Information Change}},
  publisher={{Kluwer Academic Publishers}},
  keywords={{Dynamic logic; epistemic logic; information exchange;
      non-well-founded set theory}},
  author={Jelle Gerbrandy and Willem Groeneveld},
  pages={{147-169}},
  language={{English}}
}

@inproceedings{baltag1998lpa,
  author = {Alexandru Baltag and Lawrence S. Moss and Slawomir Solecki},
  title = {{The logic of public announcements, common knowledge, and private
    suspicions}},
  booktitle = {{Proceedings of the 7th conference on Theoretical aspects of
    rationality and knowledge}},
  series = {{TARK '98}},
  year = {{1998}},
  location = {{Evanston, Illinois}},
  pages = {{43--56}},
  numpages = {{14}},
  publisher = {{Morgan Kaufmann Publishers Inc.}},
  address = {{San Francisco, CA, USA}},
} 

@INPROCEEDINGS{ditmarsch99knowledge,
  author = {Hans van Ditmarsch},
  title = {{The Logic of Knowledge Games: Showing a Card}},
  booktitle = {{Proceedings of the BNAIC 99. Maastricht University}},
  year = {{1999}},
  pages = {{35--42}}
}

@article{ditmarsch2002dga,
  author = {Hans van Ditmarsch},
  title = {{Descriptions of Game Actions}},
  journal = {{Journal of Logic, Languages and Information}},
  issue_date = {{Summer 2002}},
  volume = {{11}},
  number = {{3}},
  month = jun,
  year = {{2002}},
  pages = {{349--365}},
  numpages = {{17}},
  publisher = {{Kluwer Academic Publishers}},
  address = {{Hingham, MA, USA}},
  keywords = {{action language, dynamic epistemics, modal logic,
    multiagent systems}},
}

@incollection{baltag2005programs,
  year={{2005}},
  booktitle={{Information, Interaction and Agency}},
  title={{Logics for Epistemic Programs}},
  publisher={{Springer Netherlands}},
  author={Alexandru Baltag and Lawrence S. Moss},
  pages={{1-60}}
}

@article{benthem2006lcc,
  title = {{Logics of communication and change}},
  journal = {{Information and Computation }},
  volume = {{204}},
  number = {{11}},
  pages = {{1620 - 1662}},
  year = {{2006}},
  author = {Johan van Benthem and Jan van Eijck and Barteld Kooi},
 }

@incollection{bollig07mps,
  year={{2007}},
  booktitle={{FSTTCS 2007: Foundations of Software Technology and Theoretical
    Computer Science}},
  volume={{4855}},
  series={{Lecture Notes in Computer Science}},
  editor={{Arvind, V. and Prasad, Sanjiva}},
  title={{Propositional Dynamic Logic for Message-Passing Systems}},
  publisher={{Springer Berlin Heidelberg}},
  author={Benedikt Bollig and Dietrich Kuske and Ingmar Meinecke},
  pages={{303-315}}
}

@inproceedings{aucher09revisited,
 author = {Aucher, Guillaume},
 title = {BMS revisited},
 booktitle = {Proceedings of the 12th Conference on Theoretical Aspects of Rationality and Knowledge},
 series = {TARK '09},
 year = {2009},
 isbn = {978-1-60558-560-4},
 pages = {24--33},
 numpages = {10},
 publisher = {ACM},
 address = {New York, NY, USA},
} 

@inproceedings{hales13synthesis,
  title={Arbitrary {A}ction {M}odel {L}ogic and {A}ction {M}odel {S}ynthesis},
  author={Hales, James},
  booktitle={Logic in {C}omputer {S}cience ({LICS})},
  pages={253--262},
  year={2013},
  organization={{IEEE}}
}

@article{van2010future,
	title={Future event logic: axioms and complexity},
	author={van Ditmarsch, Hans and French, Tim and Pinchinat, Sophie},
	journal={Proc. 7th Advances in Modal Logic},
	volume={8},
	pages={77--99},
	year={2010}
}

@incollection{van2009simulation,
	title={Simulation and information: Quantifying over epistemic events},
	author={van Ditmarsch, Hans and French, Tim},
	booktitle={Knowledge Representation for Agents and Multi-Agent Systems},
	pages={51--65},
	year={2009},
	publisher={Springer}
}

@INPROCEEDINGS{venemaproofsystems,
    author = {Marta B{\`i}lkov{\'a} and Ra Palmigiano and Yde Venema},
    title = {Proof systems for the coalgebraic cover modality},
		editor= {Carlos Areces and Robert Goldblatt},
    booktitle = {Advances in Modal Logic},
		volume={7},
		pages={1--21},
    year = {2008}
}

@inproceedings{hales2012refinement,
  title={Refinement Quantified Logics of Knowledge and Belief for Multiple Agentsc.},
  author={Hales, James and French, Tim and Davies, Rowan},
  booktitle={Advances in Modal Logic},
  pages={317--338},
  year={2012}
}

@article{DBLPjournalscorrabs12023538,
  author    = {Laura Bozzelli and
               Hans P. van Ditmarsch and
               Tim French and
               James Hales and
               Sophie Pinchinat},
  title     = {Refinement Modal Logic},
  journal   = {CoRR},
  volume    = {Submitted},
  year      = {2012},
}

@article{doi:10.3166/jancl.21.289-321,
author = {Aucher, Guillaume},
title = {{DEL}-sequents for progression},
journal = {Journal of {A}pplied {N}on-{C}lassical {L}ogics},
volume = {21},
number = {3-4},
pages = {289--321},
year = {2011},

URL = {http://www.tandfonline.com/doi/abs/10.3166/jancl.21.289-321},
eprint = {http://www.tandfonline.com/doi/pdf/10.3166/jancl.21.289-321}
}

@article{doi:10.1080/11663081.2012.736703,
author = {Aucher, Guillaume},
title = {{DEL}-sequents for regression and epistemic planning},
journal = {Journal of {A}pplied {N}on-{C}lassical {L}ogics},
volume = {22},
number = {4},
pages = {337--367},
year = {2012},

}

@article{theLogicOfTheoryChange,
  title = {On the {L}ogic of {T}heory {C}hange: {P}artial {M}eet {C}ontraction and
		{R}evision {F}unctions},
  author = {Alchourr{\'o}n, Carlos E. and G{\"a}rdenfors, Peter and
    Makinson, David},
  journal = {The {J}ournal of {S}ymbolic {L}ogic},
  volume = {50},
  number = {2},
  pages = {pp. 510-530},
  language =
  {English},
  year =
  {1985},
  publisher
    =
    {Association
      for
        Symbolic
          Logic},
}

@book{gairdenfors1988knowledge,
  title={Knowledge in flux: Modeling the dynamics of epistemic states.},
  author={G{\"a}rdenfors, Peter},
  year={1988},
  publisher={The MIT press}
}

@inproceedings{harper1976rational,
  title={Rational conceptual change},
  author={Harper, William L},
  booktitle={{PSA}: {P}roceedings of the {B}iennial {M}eeting of the {P}hilosophy of
    Science Association},
  volume={1976},
  pages={462--494},
  year={1976},
}

@article{Doyle1979231,
  title = "A truth maintenance system ",
  journal = "Artificial Intelligence ",
  volume = "12",
  number = "3",
  pages = "231 - 272",
  year = "1979",
  issn = "0004-3702",
  author = "Jon Doyle"
}

@article{grossi2007designing,
  title={Designing invisible handcuffs: Formal investigations in institutions
    and organizations for multi-agent systems},
  author={Grossi, Davide},
  journal={SIKS Dissertation Series},
  volume={16},
  year={2007}
}

@book{fagin1995reasoning,
  title={Reasoning about knowledge},
  author={Fagin, Ronald and Halpern, Joseph Y and Moses, Yoram and Vardi, Moshe Y},
  year={1995},
  publisher={{MIT} press Cambridge}
}

@inbook{2594394,
  author       = {Kracht, Marcus},
  editor       = {Maarten Rijke de},
  language     = {English},
  pages        = {175--214},
  publisher    = {Kluwer},
  series       = {Diamonds and Defaults},
  title        = {How Completeness and Correspondence Theory Got Married},
  year         = {1993},
}

@incollection{refineModalComplexity,
year={2012},
booktitle={Logics in Artificial Intelligence},
volume={7519},
series={Lecture Notes in Computer Science},
editor={Cerro, Luis Fari{\~n}as and Herzig, Andreas and Mengin, J{\'e}r{\^o}me},
title={The Complexity of One-Agent Refinement Modal Logic},
publisher={Springer Berlin Heidelberg},
author={Bozzelli, Laura and Ditmarsch, Hans and Pinchinat, Sophie},
pages={120-133}
}

@inproceedings{Sietsma:2011:MPD:2000378.2000404,
  author = {{Sietsma, Floor and van Eijck, Jan}},
  title = {{Message passing in a dynamic epistemic logic setting}},
  booktitle = {{Proceedings of the 13th Conference on Theoretical Aspects of Rationality and Knowledge}},
  series = {{TARK XIII}},
  year = {{2011}},
  location = {{Groningen, Netherlands}},
  pages = {{212--220}},
  numpages = {{9}},
  publisher = {{ACM}},
  address = {{New York, NY, USA}},
  keywords = {{communication, dynamic epistemic logic, message passing}},
} 

@TECHREPORT{Milner91thepolyadic,
  author = {{Robin Milner}},
  title = {{The Polyadic pi-Calculus: a Tutorial}},
  institution = {{Logic and Algebra of Specification}},
  year = {{1991}}
}

@article {MALQ:MALQ19630090502,
author = {Kripke, Saul A.},
title = {Semantical Analysis of Modal Logic I Normal Modal Propositional Calculi},
journal = {Mathematical Logic Quarterly},
volume = {9},
number = {5-6},
publisher = {WILEY-VCH Verlag Berlin GmbH},
issn = {1521-3870},
pages = {67--96},
year = {1963},
}

@book{hintikka1962knowledge,
  title={Knowledge and belief: an introduction to the logic of the two notions},
  author={Hintikka, J.},
  series={Contemporary philosophy},
  year={1962},
  publisher={Cornell University Press}
}
